@Article{JaegerReview, 
  title={Robust speech perception: {R}ecognize the familiar, generalize to the similar, and adapt to the novel.},
  author={Kleinschmidt, David F and Jaeger, T Florian},
  journal={Psychological Review},
  volume={122},
  number={2},
  pages={148--203},
  year={2015},
  publisher={American Psychological Association}
}
}

@Article{HoustonJusczyk, 
  title={The role of talker-specific information in word segmentation by infants.},
  author={Houston, Derek M and Jusczyk, Peter W},
  journal={Journal of Experimental Psychology: {H}uman Perception and Performance},
  volume={26},
  number={5},
  pages={1570--1582},
  year={2000},
  publisher={American Psychological Association}
}
@Article{HunterAmes, 
  title={A multifactor model of infant preferences for novel and familiar stimuli},
  author={Hunter, Michael A and Ames, Elinor W},
  journal={Advances in Infancy Research},
  year={1988},
  publisher={Elsevier/JAI Press Inc},
  pages = {69--95}
}

@InProceedings{Schatz2013, 
  title={Evaluating speech features with the Minimal-Pair {ABX} task: {A}nalysis of the classical {MFC/PLP} pipeline},
  author={Schatz, Thomas and Peddinti, Vijayaditya and Bach, Francis and Jansen, Aren and Hermansky, Hynek and Dupoux, Emmanuel},
  booktitle={{14th Annual Conference of the International Speech Communication Association}},
  year={2013}
}


@InProceedings{Schatz2014,
  title={Evaluating speech features with the Minimal-Pair {ABX} task ({II}): {R}esistance to noise},
  author={Schatz, Thomas and Peddinti, Vijayaditya and Cao, Xuan-Nga and Bach, Francis and Hermansky, Hynek and Dupoux, Emmanuel},
  booktitle={{15th Annual Conference of the International Speech Communication Association}},
  year={2014}
}

@Article{Martin2015, 
  title={Mothers Speak Less Clearly to Infants Than to Adults: {A} Comprehensive Test of the Hyperarticulation Hypothesis},
  author={Martin, Andrew and Schatz, Thomas and Versteegh, Maarten and Miyazawa, Kouki and Mazuka, Reiko and Dupoux, Emmanuel and Cristia, Alejandrina},
  journal={Psychological Science},
  volume={26},
  number={3},
  pages={341--347},
  year={2015},
  publisher={SAGE Publications}
}

@Article{DehaeneLambertzPena, 
  title={Electrophysiological evidence for automatic phonetic processing in neonates},
  author={Dehaene-{L}ambertz, Ghislaine and Pena, Marcela},
  journal={Neuroreport},
  volume={12},
  number={14},
  pages={3155--3158},
  year={2001},
  publisher={LWW}
}


@InProceedings{Escuderoetal, 
  title={Indexical and linguistic processing in infancy: Discrimination of speaker, accent and vowel differences},
  author={Escudero, Paola and Bonn, Cory D and Aslin, Richard N and Mulak, Karen E},
  booktitle = {{Proceedings of the International Congress of Phonetic Sciences}},
  year = 2015
}


@Article{JusczykPisoniMullennix, 
  title={Some consequences of stimulus variability on speech processing by 2-month-old infants},
  author={Jusczyk, Peter W and Pisoni, David B and Mullennix, John},
  journal={Cognition},
  volume={43},
  number={3},
  pages={253--291},
  year={1992},
  publisher={Elsevier}
}


@Article{Kuhl1979, 
  title={Speech perception in early infancy: {P}erceptual constancy for spectrally dissimilar vowel categories},
  author={Kuhl, Patricia K},
  journal={The Journal of the Acoustical Society of America},
  volume={66},
  number={6},
  pages={1668--1679},
  year={1979},
  publisher={Acoustical Society of America}
}


@Article{Kuhl1983, 
  title={Perception of auditory equivalence classes for speech in early infancy},
  author={Kuhl, Patricia K},
  journal={Infant Behavior and Development},
  volume={6},
  number={2},
  pages={263--285},
  year={1983},
  publisher={Elsevier}
}

@Article{RostMcMurray, 
  title={Speaker variability augments phonological processing in early word learning},
  author={Rost, Gwyneth C and McMurray, Bob},
  journal={Developmental Science},
  volume={12},
  number={2},
  pages={339--349},
  year={2009},
  publisher={Wiley Online Library}
}

@Article{Seidl2014talker,
  title={Talker variation aids young infants’ phonotactic learning},
  author={Seidl, Amanda and Onishi, Kristine H and Cristia, Alejandrina},
  journal={Language Learning and Development},
  volume={10},
  number={4},
  pages={297--307},
  year={2014},
  publisher={Taylor \& Francis}
}

@Masterthesis{Clough2015, 
  title={Does Variability Impact Infants' Sound Discrimination?},
  author={Clough, Lauren Taylor},
  year={2015},
  school={The University of Arizona}
}

@techreport{AICreference, 
  author = {Thomas Schatz and Xuan-Nga Cao and Anna Kolesnikova and Tomas Bergvelt and Jonathan Wright and Emmanuel Dupoux}, 
  year=2015, 
  title={Articulation {I}ndex LSCP}, 
  institution={Linguistic Data Consortium}, 
  place={Philadelphia, PA, USA}, 
  type={Speech Corpus}, 
  number={LDC2015S12}
}

@inproceedings{SpeakerRec,
  title={Deep neural networks for extracting {B}aum-{W}elch statistics for speaker recognition},
  author={Kenny, Patrick and Gupta, Vishwa and Stafylakis, Themos and Ouellet, P and Alam, J},
  booktitle={Proc. Odyssey},
  year={2014}
}

%@manual{ABX, 
%  author={Thomas Schatz and F. Bach and Emmanuel Dupoux}, 
%  institution={Ecole Normale Superieure}, 
%  date={01. January 2016},
%  title={{ABX} discriminability}, 
%  year={2016}, 
%  address={https://github.com/bootphon/ABXpy}
%}
 
 @article{Cristia-s-sh,
  title={Fine-grained variation in caregivers' /s/ predicts their infants' /s/ category},
  author={Cristia, Alejandrina},
  journal={The Journal of the Acoustical Society of America},
  volume={129},
  number={5},
  pages={3271--3280},
  year={2011},
  publisher={Acoustical Society of America}
}

@article{InPhonDB,
  title={Perceptual attunement in vowels: {A} meta-analysis},
  author={Tsuji, Sho and Cristia, Alejandrina},
  journal={Developmental Psychobiology},
  volume={56},
  number={2},
  pages={179--191},
  year={2014},
  publisher={Wiley Online Library}
}

@misc{CDTW,
  author       = {Synnaeve, Gabriel},
  title        = {{DTW\_Cython}},
  month        = January,
  year         = 2016,
  url          = {http://dx.doi.org/10.5281/zenodo.45257}
}

@misc{ABXpy,
  author       = {Thomas Schatz and
                  Roland Thiolliere and
                  Gabriel Synnaeve and
                  Emmanuel Dupoux},
  title        = {{ABXpy} v0.2},
  month        = January,
  year         = 2016,
  url          = {http://dx.doi.org/10.5281/zenodo.45268}
}

@article{gelman2006difference,
  title={The difference between ``significant'' and ``not significant'' is not itself statistically significant},
  author={Gelman, Andrew and Stern, Hal},
  journal={The American Statistician},
  volume={60},
  number={4},
  pages={328--331},
  year={2006},
  publisher={Taylor \& Francis}
}

@article{Goldinger,
  title={Echoes of echoes? {A}n episodic theory of lexical access.},
  author={Goldinger, Stephen D},
  journal={Psychological review},
  volume={105},
  number={2},
  pages={251--279},
  year={1998},
  publisher={American Psychological Association}
}

@article{ApfelbaumMcMurray,
  title={Using variability to guide dimensional weighting: {A}ssociative mechanisms in early word learning},
  author={Apfelbaum, Keith S and McMurray, Bob},
  journal={Cognitive Science},
  volume={35},
  number={6},
  pages={1105--1138},
  year={2011},
  publisher={Wiley Online Library}
}

@article{BergmannFrontiers,
 AUTHOR={Bergmann, Christina  and  ten Bosch, Louis  and  Fikkert, Paula  and  Boves, Lou},   
TITLE={A computational model to investigate assumptions in the headturn preference procedure},    
	
JOURNAL={Frontiers in Psychology},      
	
VOLUME={4},      
	
YEAR={2013},      
	
NUMBER={676}

}


@article{Polka,
  title={Who’s talking now? Infants’ perception of vowels with infant vocal properties},
  author={Polka, Linda and Masapollo, Matthew and M{\'e}nard, Lucie},
  journal={Psychological Science},
  pages={1448--1456},
  volume=25, 
  number=7,
  year={2014},
  publisher={SAGE Publications}
}

@article{Marean1992,
  title={Vowel categorization by very young infants.},
  author={Marean, G Cameron and Werner, Lynne A and Kuhl, Patricia K},
  journal={Developmental Psychology},
  volume={28},
  number={3},
  pages={396--405},
  year={1992},
  publisher={American Psychological Association}
}